%YAML 1.1
%TAG !u! tag:unity3d.com,2011:
--- !u!29 &1
OcclusionCullingSettings:
  m_ObjectHideFlags: 0
  serializedVersion: 2
  m_OcclusionBakeSettings:
    smallestOccluder: 5
    smallestHole: 0.25
    backfaceThreshold: 100
  m_SceneGUID: 00000000000000000000000000000000
  m_OcclusionCullingData: {fileID: 0}
--- !u!104 &2
RenderSettings:
  m_ObjectHideFlags: 0
  serializedVersion: 9
  m_Fog: 0
  m_FogColor: {r: 0.5, g: 0.5, b: 0.5, a: 1}
  m_FogMode: 3
  m_FogDensity: 0.01
  m_LinearFogStart: 0
  m_LinearFogEnd: 300
  m_AmbientSkyColor: {r: 0.212, g: 0.227, b: 0.259, a: 1}
  m_AmbientEquatorColor: {r: 0.114, g: 0.125, b: 0.133, a: 1}
  m_AmbientGroundColor: {r: 0.047, g: 0.043, b: 0.035, a: 1}
  m_AmbientIntensity: 1
  m_AmbientMode: 0
  m_SubtractiveShadowColor: {r: 0.42, g: 0.478, b: 0.627, a: 1}
  m_SkyboxMaterial: {fileID: 10304, guid: 0000000000000000f000000000000000, type: 0}
  m_HaloStrength: 0.5
  m_FlareStrength: 1
  m_FlareFadeSpeed: 3
  m_HaloTexture: {fileID: 0}
  m_SpotCookie: {fileID: 10001, guid: 0000000000000000e000000000000000, type: 0}
  m_DefaultReflectionMode: 0
  m_DefaultReflectionResolution: 128
  m_ReflectionBounces: 1
  m_ReflectionIntensity: 1
  m_CustomReflection: {fileID: 0}
  m_Sun: {fileID: 705507994}
  m_IndirectSpecularColor: {r: 0.44975787, g: 0.49982393, b: 0.5756201, a: 1}
  m_UseRadianceAmbientProbe: 0
--- !u!157 &3
LightmapSettings:
  m_ObjectHideFlags: 0
  serializedVersion: 11
  m_GIWorkflowMode: 0
  m_GISettings:
    serializedVersion: 2
    m_BounceScale: 1
    m_IndirectOutputScale: 1
    m_AlbedoBoost: 1
    m_EnvironmentLightingMode: 0
    m_EnableBakedLightmaps: 1
    m_EnableRealtimeLightmaps: 0
  m_LightmapEditorSettings:
    serializedVersion: 12
    m_Resolution: 2
    m_BakeResolution: 40
    m_AtlasSize: 1024
    m_AO: 0
    m_AOMaxDistance: 1
    m_CompAOExponent: 1
    m_CompAOExponentDirect: 0
    m_ExtractAmbientOcclusion: 0
    m_Padding: 2
    m_LightmapParameters: {fileID: 0}
    m_LightmapsBakeMode: 1
    m_TextureCompression: 1
    m_FinalGather: 0
    m_FinalGatherFiltering: 1
    m_FinalGatherRayCount: 256
    m_ReflectionCompression: 2
    m_MixedBakeMode: 2
    m_BakeBackend: 1
    m_PVRSampling: 1
    m_PVRDirectSampleCount: 32
    m_PVRSampleCount: 500
    m_PVRBounces: 2
    m_PVREnvironmentSampleCount: 500
    m_PVREnvironmentReferencePointCount: 2048
    m_PVRFilteringMode: 2
    m_PVRDenoiserTypeDirect: 0
    m_PVRDenoiserTypeIndirect: 0
    m_PVRDenoiserTypeAO: 0
    m_PVRFilterTypeDirect: 0
    m_PVRFilterTypeIndirect: 0
    m_PVRFilterTypeAO: 0
    m_PVREnvironmentMIS: 0
    m_PVRCulling: 1
    m_PVRFilteringGaussRadiusDirect: 1
    m_PVRFilteringGaussRadiusIndirect: 5
    m_PVRFilteringGaussRadiusAO: 2
    m_PVRFilteringAtrousPositionSigmaDirect: 0.5
    m_PVRFilteringAtrousPositionSigmaIndirect: 2
    m_PVRFilteringAtrousPositionSigmaAO: 1
    m_ExportTrainingData: 0
    m_TrainingDataDestination: TrainingData
  m_LightingDataAsset: {fileID: 0}
  m_UseShadowmask: 1
--- !u!196 &4
NavMeshSettings:
  serializedVersion: 2
  m_ObjectHideFlags: 0
  m_BuildSettings:
    serializedVersion: 2
    agentTypeID: 0
    agentRadius: 0.5
    agentHeight: 2
    agentSlope: 45
    agentClimb: 0.4
    ledgeDropHeight: 0
    maxJumpAcrossDistance: 0
    minRegionArea: 2
    manualCellSize: 0
    cellSize: 0.16666667
    manualTileSize: 0
    tileSize: 256
    accuratePlacement: 0
    debug:
      m_Flags: 0
  m_NavMeshData: {fileID: 0}
--- !u!1001 &62903533
PrefabInstance:
  m_ObjectHideFlags: 0
  serializedVersion: 2
  m_Modification:
    m_TransformParent: {fileID: 0}
    m_Modifications:
    - target: {fileID: 100186, guid: d51b583755bb17846a420cdf1ef0a575, type: 3}
      propertyPath: m_Name
      value: Tatsumi (2)
      objectReference: {fileID: 0}
    - target: {fileID: 400186, guid: d51b583755bb17846a420cdf1ef0a575, type: 3}
      propertyPath: m_LocalPosition.x
      value: -49.7
      objectReference: {fileID: 0}
    - target: {fileID: 400186, guid: d51b583755bb17846a420cdf1ef0a575, type: 3}
      propertyPath: m_LocalPosition.y
      value: 0.1
      objectReference: {fileID: 0}
    - target: {fileID: 400186, guid: d51b583755bb17846a420cdf1ef0a575, type: 3}
      propertyPath: m_LocalPosition.z
      value: 15.4
      objectReference: {fileID: 0}
    - target: {fileID: 400186, guid: d51b583755bb17846a420cdf1ef0a575, type: 3}
      propertyPath: m_LocalRotation.x
      value: -0
      objectReference: {fileID: 0}
    - target: {fileID: 400186, guid: d51b583755bb17846a420cdf1ef0a575, type: 3}
      propertyPath: m_LocalRotation.y
      value: -0.6949434
      objectReference: {fileID: 0}
    - target: {fileID: 400186, guid: d51b583755bb17846a420cdf1ef0a575, type: 3}
      propertyPath: m_LocalRotation.z
      value: -0
      objectReference: {fileID: 0}
    - target: {fileID: 400186, guid: d51b583755bb17846a420cdf1ef0a575, type: 3}
      propertyPath: m_LocalRotation.w
      value: 0.7190644
      objectReference: {fileID: 0}
    - target: {fileID: 400186, guid: d51b583755bb17846a420cdf1ef0a575, type: 3}
      propertyPath: m_RootOrder
      value: 13
      objectReference: {fileID: 0}
    - target: {fileID: 400186, guid: d51b583755bb17846a420cdf1ef0a575, type: 3}
      propertyPath: m_LocalEulerAnglesHint.x
      value: 0
      objectReference: {fileID: 0}
    - target: {fileID: 400186, guid: d51b583755bb17846a420cdf1ef0a575, type: 3}
      propertyPath: m_LocalEulerAnglesHint.y
      value: -88.045006
      objectReference: {fileID: 0}
    - target: {fileID: 400186, guid: d51b583755bb17846a420cdf1ef0a575, type: 3}
      propertyPath: m_LocalEulerAnglesHint.z
      value: 0
      objectReference: {fileID: 0}
    - target: {fileID: 400186, guid: d51b583755bb17846a420cdf1ef0a575, type: 3}
      propertyPath: m_LocalScale.x
      value: 10.932456
      objectReference: {fileID: 0}
    - target: {fileID: 400186, guid: d51b583755bb17846a420cdf1ef0a575, type: 3}
      propertyPath: m_LocalScale.y
      value: 10.932456
      objectReference: {fileID: 0}
    - target: {fileID: 400186, guid: d51b583755bb17846a420cdf1ef0a575, type: 3}
      propertyPath: m_LocalScale.z
      value: 10.932456
      objectReference: {fileID: 0}
    m_RemovedComponents: []
  m_SourcePrefab: {fileID: 100100000, guid: d51b583755bb17846a420cdf1ef0a575, type: 3}
--- !u!1001 &184438496
PrefabInstance:
  m_ObjectHideFlags: 0
  serializedVersion: 2
  m_Modification:
    m_TransformParent: {fileID: 0}
    m_Modifications:
    - target: {fileID: 1247173097211460, guid: ffa4d200e6c7d9c4b90b3764b7ed86d4, type: 3}
      propertyPath: m_Name
      value: Stone Floor prefab
      objectReference: {fileID: 0}
    - target: {fileID: 4004965118951458, guid: ffa4d200e6c7d9c4b90b3764b7ed86d4, type: 3}
      propertyPath: m_LocalPosition.x
      value: -132.9
      objectReference: {fileID: 0}
    - target: {fileID: 4004965118951458, guid: ffa4d200e6c7d9c4b90b3764b7ed86d4, type: 3}
      propertyPath: m_LocalPosition.y
      value: 0
      objectReference: {fileID: 0}
    - target: {fileID: 4004965118951458, guid: ffa4d200e6c7d9c4b90b3764b7ed86d4, type: 3}
      propertyPath: m_LocalPosition.z
      value: 0
      objectReference: {fileID: 0}
    - target: {fileID: 4004965118951458, guid: ffa4d200e6c7d9c4b90b3764b7ed86d4, type: 3}
      propertyPath: m_LocalRotation.x
      value: 0
      objectReference: {fileID: 0}
    - target: {fileID: 4004965118951458, guid: ffa4d200e6c7d9c4b90b3764b7ed86d4, type: 3}
      propertyPath: m_LocalRotation.y
      value: 0
      objectReference: {fileID: 0}
    - target: {fileID: 4004965118951458, guid: ffa4d200e6c7d9c4b90b3764b7ed86d4, type: 3}
      propertyPath: m_LocalRotation.z
      value: 0
      objectReference: {fileID: 0}
    - target: {fileID: 4004965118951458, guid: ffa4d200e6c7d9c4b90b3764b7ed86d4, type: 3}
      propertyPath: m_LocalRotation.w
      value: 1
      objectReference: {fileID: 0}
    - target: {fileID: 4004965118951458, guid: ffa4d200e6c7d9c4b90b3764b7ed86d4, type: 3}
      propertyPath: m_RootOrder
      value: 14
      objectReference: {fileID: 0}
    - target: {fileID: 4004965118951458, guid: ffa4d200e6c7d9c4b90b3764b7ed86d4, type: 3}
      propertyPath: m_LocalEulerAnglesHint.x
      value: 0
      objectReference: {fileID: 0}
    - target: {fileID: 4004965118951458, guid: ffa4d200e6c7d9c4b90b3764b7ed86d4, type: 3}
      propertyPath: m_LocalEulerAnglesHint.y
      value: 0
      objectReference: {fileID: 0}
    - target: {fileID: 4004965118951458, guid: ffa4d200e6c7d9c4b90b3764b7ed86d4, type: 3}
      propertyPath: m_LocalEulerAnglesHint.z
      value: 0
      objectReference: {fileID: 0}
    - target: {fileID: 4004965118951458, guid: ffa4d200e6c7d9c4b90b3764b7ed86d4, type: 3}
      propertyPath: m_LocalScale.x
      value: 92.54746
      objectReference: {fileID: 0}
    - target: {fileID: 4004965118951458, guid: ffa4d200e6c7d9c4b90b3764b7ed86d4, type: 3}
      propertyPath: m_LocalScale.y
      value: 1
      objectReference: {fileID: 0}
    - target: {fileID: 4004965118951458, guid: ffa4d200e6c7d9c4b90b3764b7ed86d4, type: 3}
      propertyPath: m_LocalScale.z
      value: 473.1067
      objectReference: {fileID: 0}
    m_RemovedComponents: []
  m_SourcePrefab: {fileID: 100100000, guid: ffa4d200e6c7d9c4b90b3764b7ed86d4, type: 3}
--- !u!1001 &373069336
PrefabInstance:
  m_ObjectHideFlags: 0
  serializedVersion: 2
  m_Modification:
    m_TransformParent: {fileID: 0}
    m_Modifications:
    - target: {fileID: 1199332134306268, guid: 1e198ff9400b5064c816d8f779eff296, type: 3}
      propertyPath: m_Name
      value: Building_I_2_Prefab
      objectReference: {fileID: 0}
    - target: {fileID: 4370792754970456, guid: 1e198ff9400b5064c816d8f779eff296, type: 3}
      propertyPath: m_LocalPosition.x
      value: -28.7
      objectReference: {fileID: 0}
    - target: {fileID: 4370792754970456, guid: 1e198ff9400b5064c816d8f779eff296, type: 3}
      propertyPath: m_LocalPosition.y
      value: 0.1
      objectReference: {fileID: 0}
    - target: {fileID: 4370792754970456, guid: 1e198ff9400b5064c816d8f779eff296, type: 3}
      propertyPath: m_LocalPosition.z
      value: 48
      objectReference: {fileID: 0}
    - target: {fileID: 4370792754970456, guid: 1e198ff9400b5064c816d8f779eff296, type: 3}
      propertyPath: m_LocalRotation.x
      value: 0
      objectReference: {fileID: 0}
    - target: {fileID: 4370792754970456, guid: 1e198ff9400b5064c816d8f779eff296, type: 3}
      propertyPath: m_LocalRotation.y
      value: 0
      objectReference: {fileID: 0}
    - target: {fileID: 4370792754970456, guid: 1e198ff9400b5064c816d8f779eff296, type: 3}
      propertyPath: m_LocalRotation.z
      value: 0
      objectReference: {fileID: 0}
    - target: {fileID: 4370792754970456, guid: 1e198ff9400b5064c816d8f779eff296, type: 3}
      propertyPath: m_LocalRotation.w
      value: 1
      objectReference: {fileID: 0}
    - target: {fileID: 4370792754970456, guid: 1e198ff9400b5064c816d8f779eff296, type: 3}
      propertyPath: m_RootOrder
      value: 3
      objectReference: {fileID: 0}
    - target: {fileID: 4370792754970456, guid: 1e198ff9400b5064c816d8f779eff296, type: 3}
      propertyPath: m_LocalEulerAnglesHint.x
      value: 0
      objectReference: {fileID: 0}
    - target: {fileID: 4370792754970456, guid: 1e198ff9400b5064c816d8f779eff296, type: 3}
      propertyPath: m_LocalEulerAnglesHint.y
      value: 0
      objectReference: {fileID: 0}
    - target: {fileID: 4370792754970456, guid: 1e198ff9400b5064c816d8f779eff296, type: 3}
      propertyPath: m_LocalEulerAnglesHint.z
      value: 0
      objectReference: {fileID: 0}
    - target: {fileID: 4370792754970456, guid: 1e198ff9400b5064c816d8f779eff296, type: 3}
      propertyPath: m_LocalScale.x
      value: 11.742
      objectReference: {fileID: 0}
    - target: {fileID: 4370792754970456, guid: 1e198ff9400b5064c816d8f779eff296, type: 3}
      propertyPath: m_LocalScale.y
      value: 11.742
      objectReference: {fileID: 0}
    - target: {fileID: 4370792754970456, guid: 1e198ff9400b5064c816d8f779eff296, type: 3}
      propertyPath: m_LocalScale.z
      value: 11.742
      objectReference: {fileID: 0}
    m_RemovedComponents: []
  m_SourcePrefab: {fileID: 100100000, guid: 1e198ff9400b5064c816d8f779eff296, type: 3}
--- !u!1001 &476582385
PrefabInstance:
  m_ObjectHideFlags: 0
  serializedVersion: 2
  m_Modification:
    m_TransformParent: {fileID: 0}
    m_Modifications:
    - target: {fileID: 1681277682126416, guid: bbad862e7e06efe4a8ad0346a53e3cde, type: 3}
      propertyPath: m_Name
      value: Building_N_Prefab
      objectReference: {fileID: 0}
    - target: {fileID: 4828993989590112, guid: bbad862e7e06efe4a8ad0346a53e3cde, type: 3}
      propertyPath: m_LocalPosition.x
      value: -316.6
      objectReference: {fileID: 0}
    - target: {fileID: 4828993989590112, guid: bbad862e7e06efe4a8ad0346a53e3cde, type: 3}
      propertyPath: m_LocalPosition.y
      value: 0.1
      objectReference: {fileID: 0}
    - target: {fileID: 4828993989590112, guid: bbad862e7e06efe4a8ad0346a53e3cde, type: 3}
      propertyPath: m_LocalPosition.z
      value: 170.9
      objectReference: {fileID: 0}
    - target: {fileID: 4828993989590112, guid: bbad862e7e06efe4a8ad0346a53e3cde, type: 3}
      propertyPath: m_LocalRotation.x
      value: 0
      objectReference: {fileID: 0}
    - target: {fileID: 4828993989590112, guid: bbad862e7e06efe4a8ad0346a53e3cde, type: 3}
      propertyPath: m_LocalRotation.y
      value: 0
      objectReference: {fileID: 0}
    - target: {fileID: 4828993989590112, guid: bbad862e7e06efe4a8ad0346a53e3cde, type: 3}
      propertyPath: m_LocalRotation.z
      value: 0
      objectReference: {fileID: 0}
    - target: {fileID: 4828993989590112, guid: bbad862e7e06efe4a8ad0346a53e3cde, type: 3}
      propertyPath: m_LocalRotation.w
      value: 1
      objectReference: {fileID: 0}
    - target: {fileID: 4828993989590112, guid: bbad862e7e06efe4a8ad0346a53e3cde, type: 3}
      propertyPath: m_RootOrder
      value: 10
      objectReference: {fileID: 0}
    - target: {fileID: 4828993989590112, guid: bbad862e7e06efe4a8ad0346a53e3cde, type: 3}
      propertyPath: m_LocalEulerAnglesHint.x
      value: 0
      objectReference: {fileID: 0}
    - target: {fileID: 4828993989590112, guid: bbad862e7e06efe4a8ad0346a53e3cde, type: 3}
      propertyPath: m_LocalEulerAnglesHint.y
      value: 0
      objectReference: {fileID: 0}
    - target: {fileID: 4828993989590112, guid: bbad862e7e06efe4a8ad0346a53e3cde, type: 3}
      propertyPath: m_LocalEulerAnglesHint.z
      value: 0
      objectReference: {fileID: 0}
    - target: {fileID: 4828993989590112, guid: bbad862e7e06efe4a8ad0346a53e3cde, type: 3}
      propertyPath: m_LocalScale.x
      value: 14.226111
      objectReference: {fileID: 0}
    - target: {fileID: 4828993989590112, guid: bbad862e7e06efe4a8ad0346a53e3cde, type: 3}
      propertyPath: m_LocalScale.y
      value: 14.226111
      objectReference: {fileID: 0}
    - target: {fileID: 4828993989590112, guid: bbad862e7e06efe4a8ad0346a53e3cde, type: 3}
      propertyPath: m_LocalScale.z
      value: 14.226111
      objectReference: {fileID: 0}
    m_RemovedComponents: []
  m_SourcePrefab: {fileID: 100100000, guid: bbad862e7e06efe4a8ad0346a53e3cde, type: 3}
--- !u!1 &507608266
GameObject:
  m_ObjectHideFlags: 0
  m_CorrespondingSourceObject: {fileID: 0}
  m_PrefabInstance: {fileID: 0}
  m_PrefabAsset: {fileID: 0}
  serializedVersion: 6
  m_Component:
  - component: {fileID: 507608267}
  m_Layer: 0
  m_Name: Ciudad
  m_TagString: Untagged
  m_Icon: {fileID: 0}
  m_NavMeshLayer: 0
  m_StaticEditorFlags: 0
  m_IsActive: 1
--- !u!4 &507608267
Transform:
  m_ObjectHideFlags: 0
  m_CorrespondingSourceObject: {fileID: 0}
  m_PrefabInstance: {fileID: 0}
  m_PrefabAsset: {fileID: 0}
  m_GameObject: {fileID: 507608266}
  m_LocalRotation: {x: 0, y: 0, z: 0, w: 1}
  m_LocalPosition: {x: 0, y: 0, z: 0}
  m_LocalScale: {x: 1, y: 1, z: 1}
  m_Children: []
  m_Father: {fileID: 0}
  m_RootOrder: 2
  m_LocalEulerAnglesHint: {x: 0, y: 0, z: 0}
--- !u!1 &608758939
GameObject:
  m_ObjectHideFlags: 0
  m_CorrespondingSourceObject: {fileID: 0}
  m_PrefabInstance: {fileID: 0}
  m_PrefabAsset: {fileID: 0}
  serializedVersion: 6
  m_Component:
  - component: {fileID: 608758940}
  m_Layer: 0
  m_Name: GameObject
  m_TagString: Untagged
  m_Icon: {fileID: 0}
  m_NavMeshLayer: 0
  m_StaticEditorFlags: 0
  m_IsActive: 1
--- !u!4 &608758940
Transform:
  m_ObjectHideFlags: 0
  m_CorrespondingSourceObject: {fileID: 0}
  m_PrefabInstance: {fileID: 0}
  m_PrefabAsset: {fileID: 0}
  m_GameObject: {fileID: 608758939}
  m_LocalRotation: {x: 0, y: 0, z: 0, w: 1}
  m_LocalPosition: {x: 0, y: 0, z: 0}
  m_LocalScale: {x: 1, y: 1, z: 1}
  m_Children:
  - {fileID: 1017842718}
  m_Father: {fileID: 0}
  m_RootOrder: 15
  m_LocalEulerAnglesHint: {x: 0, y: 0, z: 0}
--- !u!1001 &671972931
PrefabInstance:
  m_ObjectHideFlags: 0
  serializedVersion: 2
  m_Modification:
    m_TransformParent: {fileID: 0}
    m_Modifications:
    - target: {fileID: 1213795830858570, guid: 9a52ba64c3a0abf49ad9515917ade04b, type: 3}
      propertyPath: m_Name
      value: Shop_B_prefab
      objectReference: {fileID: 0}
    - target: {fileID: 4207401275094340, guid: 9a52ba64c3a0abf49ad9515917ade04b, type: 3}
      propertyPath: m_LocalPosition.x
      value: 8.4
      objectReference: {fileID: 0}
    - target: {fileID: 4207401275094340, guid: 9a52ba64c3a0abf49ad9515917ade04b, type: 3}
      propertyPath: m_LocalPosition.y
      value: 0.1
      objectReference: {fileID: 0}
    - target: {fileID: 4207401275094340, guid: 9a52ba64c3a0abf49ad9515917ade04b, type: 3}
      propertyPath: m_LocalPosition.z
      value: -106.6
      objectReference: {fileID: 0}
    - target: {fileID: 4207401275094340, guid: 9a52ba64c3a0abf49ad9515917ade04b, type: 3}
      propertyPath: m_LocalRotation.x
      value: 0
      objectReference: {fileID: 0}
    - target: {fileID: 4207401275094340, guid: 9a52ba64c3a0abf49ad9515917ade04b, type: 3}
      propertyPath: m_LocalRotation.y
      value: 0
      objectReference: {fileID: 0}
    - target: {fileID: 4207401275094340, guid: 9a52ba64c3a0abf49ad9515917ade04b, type: 3}
      propertyPath: m_LocalRotation.z
      value: 0
      objectReference: {fileID: 0}
    - target: {fileID: 4207401275094340, guid: 9a52ba64c3a0abf49ad9515917ade04b, type: 3}
      propertyPath: m_LocalRotation.w
      value: 1
      objectReference: {fileID: 0}
    - target: {fileID: 4207401275094340, guid: 9a52ba64c3a0abf49ad9515917ade04b, type: 3}
      propertyPath: m_RootOrder
      value: 7
      objectReference: {fileID: 0}
    - target: {fileID: 4207401275094340, guid: 9a52ba64c3a0abf49ad9515917ade04b, type: 3}
      propertyPath: m_LocalEulerAnglesHint.x
      value: 0
      objectReference: {fileID: 0}
    - target: {fileID: 4207401275094340, guid: 9a52ba64c3a0abf49ad9515917ade04b, type: 3}
      propertyPath: m_LocalEulerAnglesHint.y
      value: 0
      objectReference: {fileID: 0}
    - target: {fileID: 4207401275094340, guid: 9a52ba64c3a0abf49ad9515917ade04b, type: 3}
      propertyPath: m_LocalEulerAnglesHint.z
      value: 0
      objectReference: {fileID: 0}
    - target: {fileID: 4207401275094340, guid: 9a52ba64c3a0abf49ad9515917ade04b, type: 3}
      propertyPath: m_LocalScale.x
      value: 10.173
      objectReference: {fileID: 0}
    - target: {fileID: 4207401275094340, guid: 9a52ba64c3a0abf49ad9515917ade04b, type: 3}
      propertyPath: m_LocalScale.y
      value: 10.173
      objectReference: {fileID: 0}
    - target: {fileID: 4207401275094340, guid: 9a52ba64c3a0abf49ad9515917ade04b, type: 3}
      propertyPath: m_LocalScale.z
      value: 10.173
      objectReference: {fileID: 0}
    m_RemovedComponents: []
  m_SourcePrefab: {fileID: 100100000, guid: 9a52ba64c3a0abf49ad9515917ade04b, type: 3}
--- !u!1 &705507993
GameObject:
  m_ObjectHideFlags: 0
  m_CorrespondingSourceObject: {fileID: 0}
  m_PrefabInstance: {fileID: 0}
  m_PrefabAsset: {fileID: 0}
  serializedVersion: 6
  m_Component:
  - component: {fileID: 705507995}
  - component: {fileID: 705507994}
  m_Layer: 0
  m_Name: Directional Light
  m_TagString: Untagged
  m_Icon: {fileID: 0}
  m_NavMeshLayer: 0
  m_StaticEditorFlags: 0
  m_IsActive: 1
--- !u!108 &705507994
Light:
  m_ObjectHideFlags: 0
  m_CorrespondingSourceObject: {fileID: 0}
  m_PrefabInstance: {fileID: 0}
  m_PrefabAsset: {fileID: 0}
  m_GameObject: {fileID: 705507993}
  m_Enabled: 1
  serializedVersion: 9
  m_Type: 1
  m_Color: {r: 1, g: 0.95686275, b: 0.8392157, a: 1}
  m_Intensity: 1
  m_Range: 10
  m_SpotAngle: 162.85864
  m_InnerSpotAngle: 21.80208
  m_CookieSize: 10
  m_Shadows:
    m_Type: 2
    m_Resolution: 3
    m_CustomResolution: -1
    m_Strength: 1
    m_Bias: 0.05
    m_NormalBias: 0.4
    m_NearPlane: 0.2
    m_CullingMatrixOverride:
      e00: 1
      e01: 0
      e02: 0
      e03: 0
      e10: 0
      e11: 1
      e12: 0
      e13: 0
      e20: 0
      e21: 0
      e22: 1
      e23: 0
      e30: 0
      e31: 0
      e32: 0
      e33: 1
    m_UseCullingMatrixOverride: 0
  m_Cookie: {fileID: 0}
  m_DrawHalo: 1
  m_Flare: {fileID: 0}
  m_RenderMode: 0
  m_CullingMask:
    serializedVersion: 2
    m_Bits: 4294967295
  m_RenderingLayerMask: 1
  m_Lightmapping: 1
  m_LightShadowCasterMode: 0
  m_AreaSize: {x: 1, y: 1}
  m_BounceIntensity: 1
  m_ColorTemperature: 6570
  m_UseColorTemperature: 0
  m_BoundingSphereOverride: {x: 8.48e-43, y: 0, z: 0, w: 1e-45}
  m_UseBoundingSphereOverride: 0
  m_ShadowRadius: 0
  m_ShadowAngle: 0
--- !u!4 &705507995
Transform:
  m_ObjectHideFlags: 0
  m_CorrespondingSourceObject: {fileID: 0}
  m_PrefabInstance: {fileID: 0}
  m_PrefabAsset: {fileID: 0}
  m_GameObject: {fileID: 705507993}
  m_LocalRotation: {x: 0.29884914, y: 0.45080006, z: -0.16327631, w: 0.82511175}
  m_LocalPosition: {x: -364.83, y: 1492.49, z: -164.16}
  m_LocalScale: {x: 89.88588, y: 10.57, z: 12404.794}
  m_Children: []
  m_Father: {fileID: 0}
  m_RootOrder: 1
  m_LocalEulerAnglesHint: {x: 39.82, y: 57.3, z: 0}
--- !u!1001 &786208678
PrefabInstance:
  m_ObjectHideFlags: 0
  serializedVersion: 2
  m_Modification:
    m_TransformParent: {fileID: 0}
    m_Modifications:
    - target: {fileID: 1282587026986886, guid: 7446a392a730ac14d9cc70d21cf7ace0, type: 3}
      propertyPath: m_Name
      value: Grass Prefab
      objectReference: {fileID: 0}
    - target: {fileID: 4497011438508190, guid: 7446a392a730ac14d9cc70d21cf7ace0, type: 3}
      propertyPath: m_LocalPosition.x
      value: -0.5
      objectReference: {fileID: 0}
    - target: {fileID: 4497011438508190, guid: 7446a392a730ac14d9cc70d21cf7ace0, type: 3}
      propertyPath: m_LocalPosition.y
      value: -1.8338
      objectReference: {fileID: 0}
    - target: {fileID: 4497011438508190, guid: 7446a392a730ac14d9cc70d21cf7ace0, type: 3}
      propertyPath: m_LocalPosition.z
      value: 58.1
      objectReference: {fileID: 0}
    - target: {fileID: 4497011438508190, guid: 7446a392a730ac14d9cc70d21cf7ace0, type: 3}
      propertyPath: m_LocalRotation.x
      value: 0
      objectReference: {fileID: 0}
    - target: {fileID: 4497011438508190, guid: 7446a392a730ac14d9cc70d21cf7ace0, type: 3}
      propertyPath: m_LocalRotation.y
      value: -0.7071068
      objectReference: {fileID: 0}
    - target: {fileID: 4497011438508190, guid: 7446a392a730ac14d9cc70d21cf7ace0, type: 3}
      propertyPath: m_LocalRotation.z
      value: 0
      objectReference: {fileID: 0}
    - target: {fileID: 4497011438508190, guid: 7446a392a730ac14d9cc70d21cf7ace0, type: 3}
      propertyPath: m_LocalRotation.w
      value: 0.7071068
      objectReference: {fileID: 0}
    - target: {fileID: 4497011438508190, guid: 7446a392a730ac14d9cc70d21cf7ace0, type: 3}
      propertyPath: m_RootOrder
      value: 4
      objectReference: {fileID: 0}
    - target: {fileID: 4497011438508190, guid: 7446a392a730ac14d9cc70d21cf7ace0, type: 3}
      propertyPath: m_LocalEulerAnglesHint.x
      value: 0
      objectReference: {fileID: 0}
    - target: {fileID: 4497011438508190, guid: 7446a392a730ac14d9cc70d21cf7ace0, type: 3}
      propertyPath: m_LocalEulerAnglesHint.y
      value: -90
      objectReference: {fileID: 0}
    - target: {fileID: 4497011438508190, guid: 7446a392a730ac14d9cc70d21cf7ace0, type: 3}
      propertyPath: m_LocalEulerAnglesHint.z
      value: 0
      objectReference: {fileID: 0}
    - target: {fileID: 4497011438508190, guid: 7446a392a730ac14d9cc70d21cf7ace0, type: 3}
      propertyPath: m_LocalScale.z
      value: 39.6591
      objectReference: {fileID: 0}
    - target: {fileID: 4497011438508190, guid: 7446a392a730ac14d9cc70d21cf7ace0, type: 3}
      propertyPath: m_LocalScale.x
      value: 20.338
      objectReference: {fileID: 0}
    - target: {fileID: 4497011438508190, guid: 7446a392a730ac14d9cc70d21cf7ace0, type: 3}
      propertyPath: m_LocalScale.y
      value: 20.338
      objectReference: {fileID: 0}
    m_RemovedComponents: []
  m_SourcePrefab: {fileID: 100100000, guid: 7446a392a730ac14d9cc70d21cf7ace0, type: 3}
--- !u!1 &963194225
GameObject:
  m_ObjectHideFlags: 0
  m_CorrespondingSourceObject: {fileID: 0}
  m_PrefabInstance: {fileID: 0}
  m_PrefabAsset: {fileID: 0}
  serializedVersion: 6
  m_Component:
  - component: {fileID: 963194228}
  - component: {fileID: 963194227}
  - component: {fileID: 963194226}
  m_Layer: 0
  m_Name: Main Camera
  m_TagString: MainCamera
  m_Icon: {fileID: 0}
  m_NavMeshLayer: 0
  m_StaticEditorFlags: 0
  m_IsActive: 1
--- !u!81 &963194226
AudioListener:
  m_ObjectHideFlags: 0
  m_CorrespondingSourceObject: {fileID: 0}
  m_PrefabInstance: {fileID: 0}
  m_PrefabAsset: {fileID: 0}
  m_GameObject: {fileID: 963194225}
  m_Enabled: 1
--- !u!20 &963194227
Camera:
  m_ObjectHideFlags: 0
  m_CorrespondingSourceObject: {fileID: 0}
  m_PrefabInstance: {fileID: 0}
  m_PrefabAsset: {fileID: 0}
  m_GameObject: {fileID: 963194225}
  m_Enabled: 1
  serializedVersion: 2
  m_ClearFlags: 1
  m_BackGroundColor: {r: 0.19215687, g: 0.3019608, b: 0.4745098, a: 0}
  m_projectionMatrixMode: 1
  m_GateFitMode: 2
  m_FOVAxisMode: 0
  m_SensorSize: {x: 36, y: 24}
  m_LensShift: {x: 0, y: 0}
  m_FocalLength: 50
  m_NormalizedViewPortRect:
    serializedVersion: 2
    x: 0
    y: 0
    width: 1
    height: 1
  near clip plane: 0.01
  far clip plane: 1018.79
  field of view: 60
  orthographic: 0
  orthographic size: 579.20667
  m_Depth: -1
  m_CullingMask:
    serializedVersion: 2
    m_Bits: 4294967295
  m_RenderingPath: -1
  m_TargetTexture: {fileID: 0}
  m_TargetDisplay: 0
  m_TargetEye: 3
  m_HDR: 1
  m_AllowMSAA: 1
  m_AllowDynamicResolution: 0
  m_ForceIntoRT: 0
  m_OcclusionCulling: 1
  m_StereoConvergence: 10
  m_StereoSeparation: 0.022
--- !u!4 &963194228
Transform:
  m_ObjectHideFlags: 0
  m_CorrespondingSourceObject: {fileID: 0}
  m_PrefabInstance: {fileID: 0}
  m_PrefabAsset: {fileID: 0}
  m_GameObject: {fileID: 963194225}
  m_LocalRotation: {x: 0.11528679, y: 0.83994, z: -0.19661951, w: 0.49249426}
  m_LocalPosition: {x: -292.2, y: 169, z: 151.9}
  m_LocalScale: {x: 1, y: 1, z: 1}
  m_Children: []
  m_Father: {fileID: 0}
  m_RootOrder: 0
  m_LocalEulerAnglesHint: {x: 26.35, y: 119.23, z: 0}
--- !u!4 &1017842718 stripped
Transform:
  m_CorrespondingSourceObject: {fileID: -4216859302048453862, guid: 369548286948db94aa69078a6612ef4f,
    type: 3}
  m_PrefabInstance: {fileID: 1525750699}
  m_PrefabAsset: {fileID: 0}
--- !u!1001 &1187234878
PrefabInstance:
  m_ObjectHideFlags: 0
  serializedVersion: 2
  m_Modification:
    m_TransformParent: {fileID: 0}
    m_Modifications:
    - target: {fileID: 1212380520111254, guid: 562df8355904213468a690c4ce6740b6, type: 3}
      propertyPath: m_Name
      value: Building_A1_prefab
      objectReference: {fileID: 0}
    - target: {fileID: 4541227407256296, guid: 562df8355904213468a690c4ce6740b6, type: 3}
      propertyPath: m_LocalPosition.x
      value: -39
      objectReference: {fileID: 0}
    - target: {fileID: 4541227407256296, guid: 562df8355904213468a690c4ce6740b6, type: 3}
      propertyPath: m_LocalPosition.y
      value: 0.1
      objectReference: {fileID: 0}
    - target: {fileID: 4541227407256296, guid: 562df8355904213468a690c4ce6740b6, type: 3}
      propertyPath: m_LocalPosition.z
      value: 139.8
      objectReference: {fileID: 0}
    - target: {fileID: 4541227407256296, guid: 562df8355904213468a690c4ce6740b6, type: 3}
      propertyPath: m_LocalRotation.x
      value: 0
      objectReference: {fileID: 0}
    - target: {fileID: 4541227407256296, guid: 562df8355904213468a690c4ce6740b6, type: 3}
      propertyPath: m_LocalRotation.y
      value: 0
      objectReference: {fileID: 0}
    - target: {fileID: 4541227407256296, guid: 562df8355904213468a690c4ce6740b6, type: 3}
      propertyPath: m_LocalRotation.z
      value: 0
      objectReference: {fileID: 0}
    - target: {fileID: 4541227407256296, guid: 562df8355904213468a690c4ce6740b6, type: 3}
      propertyPath: m_LocalRotation.w
      value: 1
      objectReference: {fileID: 0}
    - target: {fileID: 4541227407256296, guid: 562df8355904213468a690c4ce6740b6, type: 3}
      propertyPath: m_RootOrder
      value: 5
      objectReference: {fileID: 0}
    - target: {fileID: 4541227407256296, guid: 562df8355904213468a690c4ce6740b6, type: 3}
      propertyPath: m_LocalEulerAnglesHint.x
      value: 0
      objectReference: {fileID: 0}
    - target: {fileID: 4541227407256296, guid: 562df8355904213468a690c4ce6740b6, type: 3}
      propertyPath: m_LocalEulerAnglesHint.y
      value: 0
      objectReference: {fileID: 0}
    - target: {fileID: 4541227407256296, guid: 562df8355904213468a690c4ce6740b6, type: 3}
      propertyPath: m_LocalEulerAnglesHint.z
      value: 0
      objectReference: {fileID: 0}
    - target: {fileID: 4541227407256296, guid: 562df8355904213468a690c4ce6740b6, type: 3}
      propertyPath: m_LocalScale.x
      value: 8.7777
      objectReference: {fileID: 0}
    - target: {fileID: 4541227407256296, guid: 562df8355904213468a690c4ce6740b6, type: 3}
      propertyPath: m_LocalScale.y
      value: 8.7777
      objectReference: {fileID: 0}
    - target: {fileID: 4541227407256296, guid: 562df8355904213468a690c4ce6740b6, type: 3}
      propertyPath: m_LocalScale.z
      value: 8.7777
      objectReference: {fileID: 0}
    m_RemovedComponents: []
  m_SourcePrefab: {fileID: 100100000, guid: 562df8355904213468a690c4ce6740b6, type: 3}
--- !u!1001 &1319504023
PrefabInstance:
  m_ObjectHideFlags: 0
  serializedVersion: 2
  m_Modification:
    m_TransformParent: {fileID: 0}
    m_Modifications:
    - target: {fileID: 100186, guid: d51b583755bb17846a420cdf1ef0a575, type: 3}
      propertyPath: m_Name
      value: Tatsumi (1)
      objectReference: {fileID: 0}
    - target: {fileID: 400186, guid: d51b583755bb17846a420cdf1ef0a575, type: 3}
      propertyPath: m_LocalPosition.x
      value: -35.1
      objectReference: {fileID: 0}
    - target: {fileID: 400186, guid: d51b583755bb17846a420cdf1ef0a575, type: 3}
      propertyPath: m_LocalPosition.y
      value: 74.6
      objectReference: {fileID: 0}
    - target: {fileID: 400186, guid: d51b583755bb17846a420cdf1ef0a575, type: 3}
      propertyPath: m_LocalPosition.z
      value: 14.9
      objectReference: {fileID: 0}
    - target: {fileID: 400186, guid: d51b583755bb17846a420cdf1ef0a575, type: 3}
      propertyPath: m_LocalRotation.x
      value: -0
      objectReference: {fileID: 0}
    - target: {fileID: 400186, guid: d51b583755bb17846a420cdf1ef0a575, type: 3}
      propertyPath: m_LocalRotation.y
      value: -0.6949434
      objectReference: {fileID: 0}
    - target: {fileID: 400186, guid: d51b583755bb17846a420cdf1ef0a575, type: 3}
      propertyPath: m_LocalRotation.z
      value: -0
      objectReference: {fileID: 0}
    - target: {fileID: 400186, guid: d51b583755bb17846a420cdf1ef0a575, type: 3}
      propertyPath: m_LocalRotation.w
      value: 0.7190644
      objectReference: {fileID: 0}
    - target: {fileID: 400186, guid: d51b583755bb17846a420cdf1ef0a575, type: 3}
      propertyPath: m_RootOrder
      value: 12
      objectReference: {fileID: 0}
    - target: {fileID: 400186, guid: d51b583755bb17846a420cdf1ef0a575, type: 3}
      propertyPath: m_LocalEulerAnglesHint.x
      value: 0
      objectReference: {fileID: 0}
    - target: {fileID: 400186, guid: d51b583755bb17846a420cdf1ef0a575, type: 3}
      propertyPath: m_LocalEulerAnglesHint.y
      value: -88.045006
      objectReference: {fileID: 0}
    - target: {fileID: 400186, guid: d51b583755bb17846a420cdf1ef0a575, type: 3}
      propertyPath: m_LocalEulerAnglesHint.z
      value: 0
      objectReference: {fileID: 0}
    - target: {fileID: 400186, guid: d51b583755bb17846a420cdf1ef0a575, type: 3}
      propertyPath: m_LocalScale.x
      value: 10.932456
      objectReference: {fileID: 0}
    - target: {fileID: 400186, guid: d51b583755bb17846a420cdf1ef0a575, type: 3}
      propertyPath: m_LocalScale.y
      value: 10.932456
      objectReference: {fileID: 0}
    - target: {fileID: 400186, guid: d51b583755bb17846a420cdf1ef0a575, type: 3}
      propertyPath: m_LocalScale.z
      value: 10.932456
      objectReference: {fileID: 0}
    m_RemovedComponents: []
  m_SourcePrefab: {fileID: 100100000, guid: d51b583755bb17846a420cdf1ef0a575, type: 3}
--- !u!1001 &1525750699
PrefabInstance:
  m_ObjectHideFlags: 0
  serializedVersion: 2
  m_Modification:
    m_TransformParent: {fileID: 608758940}
    m_Modifications:
    - target: {fileID: -4216859302048453862, guid: 369548286948db94aa69078a6612ef4f,
        type: 3}
      propertyPath: m_LocalPosition.x
      value: -118.3
      objectReference: {fileID: 0}
    - target: {fileID: -4216859302048453862, guid: 369548286948db94aa69078a6612ef4f,
        type: 3}
      propertyPath: m_LocalPosition.y
      value: 94
      objectReference: {fileID: 0}
    - target: {fileID: -4216859302048453862, guid: 369548286948db94aa69078a6612ef4f,
        type: 3}
      propertyPath: m_LocalPosition.z
      value: -0
      objectReference: {fileID: 0}
    - target: {fileID: -4216859302048453862, guid: 369548286948db94aa69078a6612ef4f,
        type: 3}
      propertyPath: m_LocalRotation.x
      value: -0.7071068
      objectReference: {fileID: 0}
    - target: {fileID: -4216859302048453862, guid: 369548286948db94aa69078a6612ef4f,
        type: 3}
      propertyPath: m_LocalRotation.y
      value: -0
      objectReference: {fileID: 0}
    - target: {fileID: -4216859302048453862, guid: 369548286948db94aa69078a6612ef4f,
        type: 3}
      propertyPath: m_LocalRotation.z
      value: -0
      objectReference: {fileID: 0}
    - target: {fileID: -4216859302048453862, guid: 369548286948db94aa69078a6612ef4f,
        type: 3}
      propertyPath: m_LocalRotation.w
      value: 0.7071068
      objectReference: {fileID: 0}
    - target: {fileID: -4216859302048453862, guid: 369548286948db94aa69078a6612ef4f,
        type: 3}
      propertyPath: m_RootOrder
      value: 0
      objectReference: {fileID: 0}
    - target: {fileID: -4216859302048453862, guid: 369548286948db94aa69078a6612ef4f,
        type: 3}
      propertyPath: m_LocalEulerAnglesHint.x
      value: -90
      objectReference: {fileID: 0}
    - target: {fileID: -4216859302048453862, guid: 369548286948db94aa69078a6612ef4f,
        type: 3}
      propertyPath: m_LocalEulerAnglesHint.y
      value: 0
      objectReference: {fileID: 0}
    - target: {fileID: -4216859302048453862, guid: 369548286948db94aa69078a6612ef4f,
        type: 3}
      propertyPath: m_LocalEulerAnglesHint.z
      value: 0
      objectReference: {fileID: 0}
    - target: {fileID: -4216859302048453862, guid: 369548286948db94aa69078a6612ef4f,
        type: 3}
      propertyPath: m_LocalScale.x
      value: 7672.709
      objectReference: {fileID: 0}
    - target: {fileID: -4216859302048453862, guid: 369548286948db94aa69078a6612ef4f,
        type: 3}
      propertyPath: m_LocalScale.y
      value: 7658.265
      objectReference: {fileID: 0}
    - target: {fileID: -4216859302048453862, guid: 369548286948db94aa69078a6612ef4f,
        type: 3}
      propertyPath: m_LocalScale.z
      value: 7658.265
      objectReference: {fileID: 0}
    - target: {fileID: -1504981713932161579, guid: 369548286948db94aa69078a6612ef4f,
        type: 3}
      propertyPath: m_Materials.Array.data[0]
      value: 
      objectReference: {fileID: 2100000, guid: 605d248f76ba31f40b59a957718e7e75, type: 2}
    - target: {fileID: -927199367670048503, guid: 369548286948db94aa69078a6612ef4f,
        type: 3}
      propertyPath: m_Name
      value: Paraboloide
      objectReference: {fileID: 0}
    m_RemovedComponents: []
  m_SourcePrefab: {fileID: 100100000, guid: 369548286948db94aa69078a6612ef4f, type: 3}
--- !u!1001 &1560751994
PrefabInstance:
  m_ObjectHideFlags: 0
  serializedVersion: 2
  m_Modification:
    m_TransformParent: {fileID: 0}
    m_Modifications:
    - target: {fileID: 1934853517836424, guid: 931ecb32d754b3f40afc9a688c8cea66, type: 3}
      propertyPath: m_Name
      value: Building_I_1_prefab
      objectReference: {fileID: 0}
    - target: {fileID: 4421704745708670, guid: 931ecb32d754b3f40afc9a688c8cea66, type: 3}
      propertyPath: m_LocalPosition.x
      value: -40.287
      objectReference: {fileID: 0}
    - target: {fileID: 4421704745708670, guid: 931ecb32d754b3f40afc9a688c8cea66, type: 3}
      propertyPath: m_LocalPosition.y
      value: 0.1
      objectReference: {fileID: 0}
    - target: {fileID: 4421704745708670, guid: 931ecb32d754b3f40afc9a688c8cea66, type: 3}
      propertyPath: m_LocalPosition.z
      value: 229.1
      objectReference: {fileID: 0}
    - target: {fileID: 4421704745708670, guid: 931ecb32d754b3f40afc9a688c8cea66, type: 3}
      propertyPath: m_LocalRotation.x
      value: 0
      objectReference: {fileID: 0}
    - target: {fileID: 4421704745708670, guid: 931ecb32d754b3f40afc9a688c8cea66, type: 3}
      propertyPath: m_LocalRotation.y
      value: 0
      objectReference: {fileID: 0}
    - target: {fileID: 4421704745708670, guid: 931ecb32d754b3f40afc9a688c8cea66, type: 3}
      propertyPath: m_LocalRotation.z
      value: 0
      objectReference: {fileID: 0}
    - target: {fileID: 4421704745708670, guid: 931ecb32d754b3f40afc9a688c8cea66, type: 3}
      propertyPath: m_LocalRotation.w
      value: 1
      objectReference: {fileID: 0}
    - target: {fileID: 4421704745708670, guid: 931ecb32d754b3f40afc9a688c8cea66, type: 3}
      propertyPath: m_RootOrder
      value: 6
      objectReference: {fileID: 0}
    - target: {fileID: 4421704745708670, guid: 931ecb32d754b3f40afc9a688c8cea66, type: 3}
      propertyPath: m_LocalEulerAnglesHint.x
      value: 0
      objectReference: {fileID: 0}
    - target: {fileID: 4421704745708670, guid: 931ecb32d754b3f40afc9a688c8cea66, type: 3}
      propertyPath: m_LocalEulerAnglesHint.y
      value: 0
      objectReference: {fileID: 0}
    - target: {fileID: 4421704745708670, guid: 931ecb32d754b3f40afc9a688c8cea66, type: 3}
      propertyPath: m_LocalEulerAnglesHint.z
      value: 0
      objectReference: {fileID: 0}
    - target: {fileID: 4421704745708670, guid: 931ecb32d754b3f40afc9a688c8cea66, type: 3}
      propertyPath: m_LocalScale.x
      value: 8.1988
      objectReference: {fileID: 0}
    - target: {fileID: 4421704745708670, guid: 931ecb32d754b3f40afc9a688c8cea66, type: 3}
      propertyPath: m_LocalScale.y
      value: 8.1988
      objectReference: {fileID: 0}
    - target: {fileID: 4421704745708670, guid: 931ecb32d754b3f40afc9a688c8cea66, type: 3}
      propertyPath: m_LocalScale.z
      value: 8.1988
      objectReference: {fileID: 0}
    m_RemovedComponents: []
  m_SourcePrefab: {fileID: 100100000, guid: 931ecb32d754b3f40afc9a688c8cea66, type: 3}
--- !u!1001 &1592265995
PrefabInstance:
  m_ObjectHideFlags: 0
  serializedVersion: 2
  m_Modification:
    m_TransformParent: {fileID: 0}
    m_Modifications:
    - target: {fileID: 1520711273483040, guid: 331560f2206dc024cb084301a19c05ad, type: 3}
      propertyPath: m_Name
      value: Big_trash_bin prefab
      objectReference: {fileID: 0}
    - target: {fileID: 4884130492571914, guid: 331560f2206dc024cb084301a19c05ad, type: 3}
      propertyPath: m_LocalPosition.x
      value: -2.9472
      objectReference: {fileID: 0}
    - target: {fileID: 4884130492571914, guid: 331560f2206dc024cb084301a19c05ad, type: 3}
      propertyPath: m_LocalPosition.y
      value: 0.1
      objectReference: {fileID: 0}
    - target: {fileID: 4884130492571914, guid: 331560f2206dc024cb084301a19c05ad, type: 3}
      propertyPath: m_LocalPosition.z
      value: -57.4
      objectReference: {fileID: 0}
    - target: {fileID: 4884130492571914, guid: 331560f2206dc024cb084301a19c05ad, type: 3}
      propertyPath: m_LocalRotation.x
      value: 0
      objectReference: {fileID: 0}
    - target: {fileID: 4884130492571914, guid: 331560f2206dc024cb084301a19c05ad, type: 3}
      propertyPath: m_LocalRotation.y
      value: 0
      objectReference: {fileID: 0}
    - target: {fileID: 4884130492571914, guid: 331560f2206dc024cb084301a19c05ad, type: 3}
      propertyPath: m_LocalRotation.z
      value: 0
      objectReference: {fileID: 0}
    - target: {fileID: 4884130492571914, guid: 331560f2206dc024cb084301a19c05ad, type: 3}
      propertyPath: m_LocalRotation.w
      value: 1
      objectReference: {fileID: 0}
    - target: {fileID: 4884130492571914, guid: 331560f2206dc024cb084301a19c05ad, type: 3}
      propertyPath: m_RootOrder
      value: 8
      objectReference: {fileID: 0}
    - target: {fileID: 4884130492571914, guid: 331560f2206dc024cb084301a19c05ad, type: 3}
      propertyPath: m_LocalEulerAnglesHint.x
      value: 0
      objectReference: {fileID: 0}
    - target: {fileID: 4884130492571914, guid: 331560f2206dc024cb084301a19c05ad, type: 3}
      propertyPath: m_LocalEulerAnglesHint.y
      value: 0
      objectReference: {fileID: 0}
    - target: {fileID: 4884130492571914, guid: 331560f2206dc024cb084301a19c05ad, type: 3}
      propertyPath: m_LocalEulerAnglesHint.z
      value: 0
      objectReference: {fileID: 0}
    - target: {fileID: 4884130492571914, guid: 331560f2206dc024cb084301a19c05ad, type: 3}
      propertyPath: m_LocalScale.x
      value: 9.3385
      objectReference: {fileID: 0}
    - target: {fileID: 4884130492571914, guid: 331560f2206dc024cb084301a19c05ad, type: 3}
      propertyPath: m_LocalScale.y
      value: 9.3385
      objectReference: {fileID: 0}
    - target: {fileID: 4884130492571914, guid: 331560f2206dc024cb084301a19c05ad, type: 3}
      propertyPath: m_LocalScale.z
      value: 9.3385
      objectReference: {fileID: 0}
    m_RemovedComponents: []
  m_SourcePrefab: {fileID: 100100000, guid: 331560f2206dc024cb084301a19c05ad, type: 3}
--- !u!1001 &1818834686
PrefabInstance:
  m_ObjectHideFlags: 0
  serializedVersion: 2
  m_Modification:
    m_TransformParent: {fileID: 0}
    m_Modifications:
    - target: {fileID: 100186, guid: d51b583755bb17846a420cdf1ef0a575, type: 3}
      propertyPath: m_Name
      value: Tatsumi
      objectReference: {fileID: 0}
    - target: {fileID: 400186, guid: d51b583755bb17846a420cdf1ef0a575, type: 3}
      propertyPath: m_LocalPosition.x
      value: -35.1
      objectReference: {fileID: 0}
    - target: {fileID: 400186, guid: d51b583755bb17846a420cdf1ef0a575, type: 3}
      propertyPath: m_LocalPosition.y
      value: 107
      objectReference: {fileID: 0}
    - target: {fileID: 400186, guid: d51b583755bb17846a420cdf1ef0a575, type: 3}
      propertyPath: m_LocalPosition.z
      value: 14.9
      objectReference: {fileID: 0}
    - target: {fileID: 400186, guid: d51b583755bb17846a420cdf1ef0a575, type: 3}
      propertyPath: m_LocalRotation.x
      value: -0
      objectReference: {fileID: 0}
    - target: {fileID: 400186, guid: d51b583755bb17846a420cdf1ef0a575, type: 3}
      propertyPath: m_LocalRotation.y
      value: -0.6949434
      objectReference: {fileID: 0}
    - target: {fileID: 400186, guid: d51b583755bb17846a420cdf1ef0a575, type: 3}
      propertyPath: m_LocalRotation.z
      value: -0
      objectReference: {fileID: 0}
    - target: {fileID: 400186, guid: d51b583755bb17846a420cdf1ef0a575, type: 3}
      propertyPath: m_LocalRotation.w
      value: 0.7190644
      objectReference: {fileID: 0}
    - target: {fileID: 400186, guid: d51b583755bb17846a420cdf1ef0a575, type: 3}
      propertyPath: m_RootOrder
      value: 11
      objectReference: {fileID: 0}
    - target: {fileID: 400186, guid: d51b583755bb17846a420cdf1ef0a575, type: 3}
      propertyPath: m_LocalEulerAnglesHint.x
      value: 0
      objectReference: {fileID: 0}
    - target: {fileID: 400186, guid: d51b583755bb17846a420cdf1ef0a575, type: 3}
      propertyPath: m_LocalEulerAnglesHint.y
      value: -88.045006
      objectReference: {fileID: 0}
    - target: {fileID: 400186, guid: d51b583755bb17846a420cdf1ef0a575, type: 3}
      propertyPath: m_LocalEulerAnglesHint.z
      value: 0
      objectReference: {fileID: 0}
    - target: {fileID: 400186, guid: d51b583755bb17846a420cdf1ef0a575, type: 3}
      propertyPath: m_LocalScale.x
      value: 10.932456
      objectReference: {fileID: 0}
    - target: {fileID: 400186, guid: d51b583755bb17846a420cdf1ef0a575, type: 3}
      propertyPath: m_LocalScale.y
      value: 10.932456
      objectReference: {fileID: 0}
    - target: {fileID: 400186, guid: d51b583755bb17846a420cdf1ef0a575, type: 3}
      propertyPath: m_LocalScale.z
      value: 10.932456
      objectReference: {fileID: 0}
    m_RemovedComponents: []
  m_SourcePrefab: {fileID: 100100000, guid: d51b583755bb17846a420cdf1ef0a575, type: 3}
--- !u!1001 &1851137467
PrefabInstance:
  m_ObjectHideFlags: 0
  serializedVersion: 2
  m_Modification:
    m_TransformParent: {fileID: 0}
    m_Modifications:
    - target: {fileID: 1421433746022104, guid: 84bb406b82cecb24cb1ffe5d4359339d, type: 3}
      propertyPath: m_Name
      value: Building_M_prefab
      objectReference: {fileID: 0}
    - target: {fileID: 4499070825876286, guid: 84bb406b82cecb24cb1ffe5d4359339d, type: 3}
      propertyPath: m_LocalPosition.x
      value: -288
      objectReference: {fileID: 0}
    - target: {fileID: 4499070825876286, guid: 84bb406b82cecb24cb1ffe5d4359339d, type: 3}
      propertyPath: m_LocalPosition.y
      value: 0.1
      objectReference: {fileID: 0}
    - target: {fileID: 4499070825876286, guid: 84bb406b82cecb24cb1ffe5d4359339d, type: 3}
      propertyPath: m_LocalPosition.z
      value: -8.9654
      objectReference: {fileID: 0}
    - target: {fileID: 4499070825876286, guid: 84bb406b82cecb24cb1ffe5d4359339d, type: 3}
      propertyPath: m_LocalRotation.x
      value: 0
      objectReference: {fileID: 0}
    - target: {fileID: 4499070825876286, guid: 84bb406b82cecb24cb1ffe5d4359339d, type: 3}
      propertyPath: m_LocalRotation.y
      value: 0
      objectReference: {fileID: 0}
    - target: {fileID: 4499070825876286, guid: 84bb406b82cecb24cb1ffe5d4359339d, type: 3}
      propertyPath: m_LocalRotation.z
      value: 0
      objectReference: {fileID: 0}
    - target: {fileID: 4499070825876286, guid: 84bb406b82cecb24cb1ffe5d4359339d, type: 3}
      propertyPath: m_LocalRotation.w
      value: 1
      objectReference: {fileID: 0}
    - target: {fileID: 4499070825876286, guid: 84bb406b82cecb24cb1ffe5d4359339d, type: 3}
      propertyPath: m_RootOrder
      value: 9
      objectReference: {fileID: 0}
    - target: {fileID: 4499070825876286, guid: 84bb406b82cecb24cb1ffe5d4359339d, type: 3}
      propertyPath: m_LocalEulerAnglesHint.x
      value: 0
      objectReference: {fileID: 0}
    - target: {fileID: 4499070825876286, guid: 84bb406b82cecb24cb1ffe5d4359339d, type: 3}
      propertyPath: m_LocalEulerAnglesHint.y
      value: 0
      objectReference: {fileID: 0}
    - target: {fileID: 4499070825876286, guid: 84bb406b82cecb24cb1ffe5d4359339d, type: 3}
      propertyPath: m_LocalEulerAnglesHint.z
      value: 0
      objectReference: {fileID: 0}
    - target: {fileID: 4499070825876286, guid: 84bb406b82cecb24cb1ffe5d4359339d, type: 3}
      propertyPath: m_LocalScale.x
      value: 15.806869
      objectReference: {fileID: 0}
    - target: {fileID: 4499070825876286, guid: 84bb406b82cecb24cb1ffe5d4359339d, type: 3}
      propertyPath: m_LocalScale.y
      value: 15.806869
      objectReference: {fileID: 0}
    - target: {fileID: 4499070825876286, guid: 84bb406b82cecb24cb1ffe5d4359339d, type: 3}
      propertyPath: m_LocalScale.z
      value: 15.806869
      objectReference: {fileID: 0}
    m_RemovedComponents: []
  m_SourcePrefab: {fileID: 100100000, guid: 84bb406b82cecb24cb1ffe5d4359339d, type: 3}
